% In an old version of biber, is a bug. On some systems
% this version is still used. (v1.8)
% Just use articles and fill in what is needed
% Example refrence:
@article{ArticleExample,
    author  = "John Doe",
    title   = "title",
    journal = "journal",
    volume  = "volume",
    number  = "number",
    pages   = "pages",
    year    = "XXXX",
    month   = "month",
    note    = "note",
},
% Example refrence:
@misc{BiberTemplates,
    author  = "Wikibooks",
    title   = "LaTeX/Bibliography Management",
    journal = "journal",
    volume  = "volume",
    number  = "number",
    pages   = "pages",
    year    = "2016",
    month   = "March",
    note    = "Website",
    url = "https://en.wikibooks.org/wiki/LaTeX/Bibliography_Management#Standard_templates",
},
